@online{pep_et_al,
  title        = {PeP et al. Toolbox Workshop},
  year         = {2022},
  url          = {https://toolbox.pep-dortmund.org/},

  organization = {PeP et al.},
  urldate      = {26-06-2022}
}

@mastersthesis{hackfeld,
  author      = {Hackfeld, J.},
  title       = {Analyzing the Data Volume Reduction for the LST-1 Prototype of the Cherenkov Telescope Array},
  institution = {Department of Physics and Astronomy, Ruhr University Bochum},
  year        = {2021},

  address     = {Bochum}
}